@article{afivo_paper,
  title =        {Afivo: A framework for quadtree/octree AMR with shared-memory
                  parallelization and geometric multigrid methods},
  volume =       {233},
  ISSN =         {0010-4655},
  url =          {http://dx.doi.org/10.1016/j.cpc.2018.06.018},
  DOI =          {10.1016/j.cpc.2018.06.018},
  journal =      {Computer Physics Communications},
  publisher =    {Elsevier BV},
  author =       {Teunissen, Jannis and Ebert, Ute},
  year =         {2018},
  month =        {Dec},
  pages =        {156–166}
}

@article{afivo_streamer_paper,
  title =        {Simulating streamer discharges in 3D with the parallel
                  adaptive Afivo framework},
  volume =       {50},
  ISSN =         {1361-6463},
  url =          {http://dx.doi.org/10.1088/1361-6463/aa8faf},
  DOI =          {10.1088/1361-6463/aa8faf},
  number =       {47},
  journal =      {Journal of Physics D: Applied Physics},
  publisher =    {IOP Publishing},
  author =       {Teunissen, Jannis and Ebert, Ute},
  year =         {2017},
  month =        {Oct},
  pages =        {474001}
}

@article{Nijdam_Teunissen_2016,
  title =        {The role of free electrons in the guiding of positive
                  streamers},
  volume =       {25},
  ISSN =         {1361-6595},
  url =          {http://dx.doi.org/10.1088/0963-0252/25/4/044001},
  DOI =          {10.1088/0963-0252/25/4/044001},
  number =       {4},
  journal =      {Plasma Sources Science and Technology},
  publisher =    {IOP Publishing},
  author =       {Nijdam, S and Teunissen, J and Takahashi, E and Ebert, U},
  year =         {2016},
  month =        {May},
  pages =        {044001}
}

@Article{	  Montijn_2006,
  title		= {An adaptive grid refinement strategy for the simulation of
		  negative streamers},
  volume	= {219},
  issn		= {0021-9991},
  url		= {http://dx.doi.org/10.1016/j.jcp.2006.04.017},
  doi		= {10.1016/j.jcp.2006.04.017},
  number	= {2},
  journal	= {Journal of Computational Physics},
  publisher	= {Elsevier BV},
  author	= {Montijn, C. and Hundsdorfer, W. and Ebert, U.},
  year		= {2006},
  month		= {Dec},
  pages		= {801-835}
}

@Book{		  Brandt_2011,
  title		= {Multigrid Techniques},
  isbn		= {http://id.crossref.org/isbn/978-1-61197-075-3},
  url		= {http://dx.doi.org/10.1137/1.9781611970753},
  doi		= {10.1137/1.9781611970753},
  publisher	= {Society for Industrial \& Applied Mathematics (SIAM)},
  author	= {Brandt, Achi and Livne, Oren E.},
  year		= {2011},
  month		= {Jan}
}

@Book{		  Trottenberg_2000_multigrid,
  title		= {Multigrid},
  author	= {Trottenberg, U. and Oosterlee, C.W. and Schuller, A.},
  isbn		= {9780080479569},
  year		= {2000},
  publisher	= {Elsevier Science}
}

@article{Li_2020b,
  title =        {A computational study of negative surface discharges:
                  Characteristics of surface streamers and surface charges},
  volume =       {27},
  ISSN =         {1558-4135},
  url =          {http://dx.doi.org/10.1109/TDEI.2020.008880},
  DOI =          {10.1109/tdei.2020.008880},
  number =       {4},
  journal =      {IEEE Transactions on Dielectrics and Electrical Insulation},
  publisher =    {Institute of Electrical and Electronics Engineers (IEEE)},
  author =       {Li, Xiaoran and Sun, Anbang and Teunissen, Jannis},
  year =         {2020},
  month =        {Aug},
  pages =        {1178–1186}
}

@article{Li_2020,
  title =        {A computational study of positive streamers interacting with
                  dielectrics},
  volume =       {29},
  ISSN =         {1361-6595},
  url =          {http://dx.doi.org/10.1088/1361-6595/ab8f75},
  DOI =          {10.1088/1361-6595/ab8f75},
  number =       {6},
  journal =      {Plasma Sources Science and Technology},
  publisher =    {IOP Publishing},
  author =       {Li, Xiaoran and Sun, Anbang and Zhang, Guanjun and Teunissen,
                  Jannis},
  year =         {2020},
  month =        {Jun},
  pages =        {065004}
}

@article{Malag_n_Romero_2020,
  title =        {On the Emergence Mechanism of Carrot Sprites},
  volume =       {47},
  ISSN =         {1944-8007},
  url =          {http://dx.doi.org/10.1029/2019GL085776},
  DOI =          {10.1029/2019gl085776},
  number =       {1},
  journal =      {Geophysical Research Letters},
  publisher =    {American Geophysical Union (AGU)},
  author =       {Malagón‐Romero, A. and Teunissen, J. and Stenbaek‐Nielsen, H.
                  C. and McHarg, M. G. and Ebert, U. and Luque, A.},
  year =         {2020},
  month =        {Jan}
}

@article{Bagheri_2019,
  title =        {The effect of the stochasticity of photoionization on 3D
                  streamer simulations},
  volume =       {28},
  ISSN =         {1361-6595},
  url =          {http://dx.doi.org/10.1088/1361-6595/ab1331},
  DOI =          {10.1088/1361-6595/ab1331},
  number =       {4},
  journal =      {Plasma Sources Science and Technology},
  publisher =    {IOP Publishing},
  author =       {Bagheri, B and Teunissen, J},
  year =         {2019},
  month =        {Apr},
  pages =        {045013}
}

@article{Bagheri_2018,
  title =        {Comparison of six simulation codes for positive streamers in
                  air},
  volume =       {27},
  ISSN =         {1361-6595},
  url =          {http://dx.doi.org/10.1088/1361-6595/aad768},
  DOI =          {10.1088/1361-6595/aad768},
  number =       {9},
  journal =      {Plasma Sources Science and Technology},
  publisher =    {IOP Publishing},
  author =       {Bagheri, B and Teunissen, J and Ebert, U and Becker, M M and
                  Chen, S and Ducasse, O and Eichwald, O and Loffhagen, D and
                  Luque, A and Mihailova, D and et al.},
  year =         {2018},
  month =        {Sep},
  pages =        {095002}
}

